@article{zhou2021temperature,
  title={Temperature-Constrained Reliability Optimization of Industrial Cyber-Physical Systems Using Machine Learning and Feedback Control},
  author={Zhou, Junlong and Li, Liying and Vajdi, Ahmadreza and Zhou, Xiumin and Wu, Zebin},
  journal={IEEE Transactions on Automation Science and Engineering},
  year={2021},
  publisher={IEEE}
}

@inproceedings{li2018predictive,
  title={Predictive pre-allocation for low-latency uplink access in industrial wireless networks},
  author={Li, Mingyan and Guan, Xinping and Hua, Cunqing and Chen, Cailian and Lyu, Ling},
  booktitle={IEEE INFOCOM 2018-IEEE Conference on Computer Communications},
  pages={306--314},
  year={2018},
  organization={IEEE}
}

@article{zhou2020siamese,
  title={Siamese neural network based few-shot learning for anomaly detection in industrial cyber-physical systems},
  author={Zhou, Xiaokang and Liang, Wei and Shimizu, Shohei and Ma, Jianhua and Jin, Qun},
  journal={IEEE Transactions on Industrial Informatics},
  volume={17},
  number={8},
  pages={5790--5798},
  year={2020},
  publisher={IEEE}
}

@article{li2019learning,
  title={A learning-based pre-allocation scheme for low-latency access in industrial wireless networks},
  author={Li, Mingyan and Chen, Cailian and Hua, Cunqing and Guan, Xinping},
  journal={IEEE Transactions on Wireless Communications},
  volume={19},
  number={1},
  pages={650--664},
  year={2019},
  publisher={IEEE}
}

@article{farkas20195g,
  title={5G-TSN integration meets networking requirements},
  author={F, J{\'a}nos and V, Bal{\'a}zs and M, Gy{\"a}rgy and Sachs, Joachim},
  journal={Ericsson Technology Review},
  year={2019}
}

@article{fu2018software,
  title={Software defined wireline-wireless cross-networks: Framework, challenges, and prospects},
  author={Fu, Shu and Wu, Jinsong and Wen, Hong and Cai, Yueping and Wu, Bin},
  journal={IEEE Communications Magazine},
  volume={56},
  number={8},
  pages={145--151},
  year={2018},
  publisher={IEEE}
}

@article{ke2017improving,
  title={Improving video transmission in software defined wired and wireless networks using multi-path transmission},
  author={Ke, Chih-Heng and Chen, Yeong-Sheng and Yu, Yun-Shuai},
  journal={Journal of Communications and Networks},
  volume={19},
  number={6},
  pages={587--595},
  year={2017},
  publisher={KICS}
}

@article{cai2006qos,
  title={QoS support in wireless/wired networks using the TCP-friendly AIMD protocol},
  author={Cai, Lin and Shen, Xuemin Sherman and Mark, Jon W and Pan, Jianping},
  journal={IEEE transactions on wireless communications},
  volume={5},
  number={2},
  pages={469--480},
  year={2006},
  publisher={IEEE}
}

@article{sachs2019boosting,
  title={Boosting smart manufacturing with 5G wireless connectivity},
  author={Sachs, J and Wallstedt, K and Alriksson, F and Eneroth, G},
  journal={Ericsson Tech. Rev},
  year={2019}
}



@inproceedings{underberg2018towards,
  title={Towards hybrid wired-wireless networks in industrial applications},
  author={Underberg, Lisa and Kays, R{\"u}diger and Dietrich, Steven and Fohler, Gerhard},
  booktitle={2018 IEEE Industrial Cyber-Physical Systems (ICPS)},
  pages={768--773},
  year={2018},
  organization={IEEE}
}

@article{follmer2004stochastic,
  title={Stochastic finance. An introduction in discrete time},
  author={F{\"o}llmer, Hans and Schied, Alexander and Lyons, Terry J},
  journal={The Mathematical Intelligencer},
  volume={26},
  number={4},
  pages={67--68},
  year={2004},
  publisher={Springer}
}

@article{batewela2019risk,
  title={Risk-sensitive task fetching and offloading for vehicular edge computing},
  author={Batewela, Sadeep and Liu, Chen-Feng and Bennis, Mehdi and Suraweera, Himal A and Hong, Choong Seon},
  journal={IEEE Communications Letters},
  volume={24},
  number={3},
  pages={617--621},
  year={2019},
  publisher={IEEE}
}

@article{bennis2018ultrareliable,
  title={Ultrareliable and low-latency wireless communication: Tail, risk, and scale},
  author={Bennis, Mehdi and Debbah, M{\'e}rouane and Poor, H Vincent},
  journal={Proceedings of the IEEE},
  volume={106},
  number={10},
  pages={1834--1853},
  year={2018},
  publisher={IEEE}
}

@article{yang2018low,
  title={Low-latency millimeter-wave communications: Traffic dispersion or network densification?},
  author={Yang, Guang and Xiao, Ming and Poor, H Vincent},
  journal={IEEE Transactions on Communications},
  volume={66},
  number={8},
  pages={3526--3539},
  year={2018},
  publisher={IEEE}
}

@inproceedings{vu2018path,
  title={Path selection and rate allocation in self-backhauled mmWave networks},
  author={Vu, Trung Kien and Liu, Chen-Feng and Bennis, Mehdi and Debbah, M{\'e}rouane and Latva-Aho, Matti},
  booktitle={2018 IEEE Wireless Communications and Networking Conference (WCNC)},
  pages={1--6},
  year={2018},
  organization={IEEE}
}


@article{vu2017ultra,
  title={Ultra-reliable and low latency communication in mmWave-enabled massive MIMO networks},
  author={Vu, Trung Kien and Liu, Chen-Feng and Bennis, Mehdi and Debbah, M{\'e}rouane and Latva-Aho, Matti and Hong, Choong Seon},
  journal={IEEE Communications Letters},
  volume={21},
  number={9},
  pages={2041--2044},
  year={2017},
  publisher={IEEE}
}


@inproceedings{assaad2011risk,
  title={Risk sensitive resource control approach for delay limited traffic in wireless networks},
  author={Assaad, Mohamad and Ahmad, Ayaz and Tembine, Hamidou},
  booktitle={2011 IEEE Global Telecommunications Conference-GLOBECOM 2011},
  pages={1--5},
  year={2011},
  organization={IEEE}
}

@article{alsenwi2019embb,
  title={eMBB-URLLC resource slicing: A risk-sensitive approach},
  author={Alsenwi, Madyan and Tran, Nguyen H and Bennis, Mehdi and Bairagi, Anupam Kumar and Hong, Choong Seon},
  journal={IEEE Communications Letters},
  volume={23},
  number={4},
  pages={740--743},
  year={2019},
  publisher={IEEE}
}

@article{holfeld2016wireless,
  title={Wireless communication for factory automation: An opportunity for LTE and 5G systems},
  author={Holfeld, Bernd and Wieruch, Dennis and Wirth, Thomas and Thiele, Lars and Ashraf, Shehzad Ali and Huschke, Jorg and Aktas, Ismet and Ansari, Junaid},
  journal={IEEE Communications Magazine},
  volume={54},
  number={6},
  pages={36--43},
  year={2016},
  publisher={IEEE}
}

@article{3gpp2010,
  title={Evolved Universal Terrestrial Radio Access (E-UTRA) and Evolved Universal Terrestrial Radio Access Network (E-UTRAN)},
  author={3GPP},
  journal={3gpp Ts},
  year={2010}
}

@article{schulz2017latency,
  title={Latency critical IoT applications in 5G: Perspective on the design of radio interface and network architecture},
  author={Schulz, Philipp and Matthe, Maximilian and Klessig, Henrik and Simsek, Meryem and Fettweis, Gerhard and Ansari, Junaid and Ashraf, Shehzad Ali and Almeroth, Bjoern and Voigt, Jens and Riedel, Ines and others},
  journal={IEEE Communications Magazine},
  volume={55},
  number={2},
  pages={70--78},
  year={2017},
  publisher={IEEE}
}

@article{seo2012performance,
  title={Performance modeling and stability of semi-persistent scheduling with initial random access in LTE},
  author={Seo, Jun-Bae and Leung, Victor CM},
  journal={IEEE Transactions on Wireless Communications},
  volume={11},
  number={12},
  pages={4446--4456},
  year={2012},
  publisher={IEEE}
}

@inproceedings{afrin2015design,
  title={Design of a buffer and channel adaptive LTE semi-persistent scheduler for M2M communications},
  author={Afrin, Nusrat and Brown, Jason and Khan, Jamil Y},
  booktitle={2015 IEEE International Conference on Communications (ICC)},
  pages={5821--5826},
  year={2015},
  organization={IEEE}
}

@inproceedings{soleymani2016hierarchical,
  title={A hierarchical radio resource management scheme for next generation cellular networks},
  author={Soleymani, Dariush M and Puschmann, Andr{\'e} and Roth-Mandutz, Elke and Mueckenheim, Jens and Mitschele-Thiel, Andreas},
  booktitle={2016 IEEE Wireless Communications and Networking Conference Workshops (WCNCW)},
  pages={416--420},
  year={2016},
  organization={IEEE}
}

@article{raza2018novel,
  title={A novel MAC proposal for critical and emergency communications in Industrial Wireless Sensor Networks},
  author={Raza, Mohsin and Le-minh, Hoa and Aslam, Nauman and Hussain, Sajjad},
  journal={Computers \& Electrical Engineering},
  volume={72},
  pages={976--989},
  year={2018},
  publisher={Elsevier}
}

@article{farag2018priority,
  title={Priority-aware wireless fieldbus protocol for mixed-criticality industrial wireless sensor networks},
  author={Farag, Hossam and Sisinni, Emiliano and Gidlund, Mikael and {\"O}sterberg, Patrik},
  journal={IEEE Sensors Journal},
  volume={19},
  number={7},
  pages={2767--2780},
  year={2018},
  publisher={IEEE}
}

@article{gaj2012computer,
  title={Computer communication within industrial distributed environment--A survey},
  author={Gaj, Piotr and Jasperneite, J{\"u}rgen and Felser, Max},
  journal={IEEE Transactions on Industrial Informatics},
  volume={9},
  number={1},
  pages={182--189},
  year={2012},
  publisher={IEEE}
}

@article{zand2012wireless,
  title={Wireless industrial monitoring and control networks: The journey so far and the road ahead},
  author={Zand, Pouria and Chatterjea, Supriyo and Das, Kallol and Havinga, Paul},
  journal={Journal of sensor and actuator networks},
  volume={1},
  number={2},
  pages={123--152},
  year={2012},
  publisher={Molecular Diversity Preservation International}
}

@article{lin2019framework,
  title={A framework of priority-aware packet transmission scheduling in cluster-based industrial wireless sensor networks},
  author={Lin, Feilong and Dai, Wenbin and Li, Wenbai and Xu, Zhezhuang and Yuan, Liyong},
  journal={IEEE Transactions on Industrial Informatics},
  volume={16},
  number={8},
  pages={5596--5606},
  year={2019},
  publisher={IEEE}
}

@article{hang2020delay,
  title={Delay and reliability analysis of p-persistent carrier sense multiple access for multi-event industrial wireless sensor networks},
  author={Hang, Nguyen Thi Thu and Trinh, Nguyen Chien and Ban, Nguyen Tien and Raza, Mohsin and Nguyen, Huan X},
  journal={IEEE Sensors Journal},
  volume={20},
  number={20},
  pages={12402--12414},
  year={2020},
  publisher={IEEE}
}

@article{shafiq2013large,
  title={Large-scale measurement and characterization of cellular machine-to-machine traffic},
  author={Shafiq, M Zubair and Ji, Lusheng and Liu, Alex X and Pang, Jeffrey and Wang, Jia},
  journal={IEEE/ACM Transactions on Networking},
  volume={21},
  number={6},
  pages={1960--1973},
  year={2013},
  publisher={IEEE}
}

@inproceedings{sanasam2010feature,
  title={Feature selection for text classification based on gini coefficient of inequality},
  author={Sanasam, Ranbir and Murthy, Hema and Gonsalves, Timothy},
  booktitle={Feature Selection in Data Mining},
  pages={76--85},
  year={2010},
  organization={PMLR}
}

@book{arora2011sequential,
  title={Sequential learning for optimal monitoring of multi-channel wireless networks},
  author={Arora, Pallavi and Szepesv{\'a}ri, Csaba and Zheng, Rong},
  year={2011},
  publisher={IEEE}
}

@inproceedings{xu2017data,
  title={When data acquisition meets data analytics: A distributed active learning framework for optimal budgeted mobile crowdsensing},
  author={Xu, Qiang and Zheng, Rong},
  booktitle={IEEE INFOCOM 2017-IEEE Conference on Computer Communications},
  pages={1--9},
  year={2017},
  organization={IEEE}
}

@book{sutton2018reinforcement,
  title={Reinforcement learning: An introduction},
  author={Sutton, Richard S and Barto, Andrew G},
  year={2018},
  publisher={MIT press}
}
